@misc{harley2015evaluationdeepconvolutionalnets,
      title={Evaluation of Deep Convolutional Nets for Document Image Classification 
and Retrieval}, 
      author={Adam W. Harley and Alex Ufkes and Konstantinos G. Derpanis},
      year={2015},
      eprint={1502.07058},
      archivePrefix={arXiv},
      primaryClass={cs.CV},
      url={https://arxiv.org/abs/1502.07058}, 
}
